
@article{bruno2012,
	Author = {Bruno C. Ribas},
	Title = {On Modelling Virtual Machine Consolidation to
    Pseudo-Boolean Constraints},
	Year = {2012},
}

@article{bruno2013,
	Author = {Bruno C. Ribas},
	Title = {PBFVMC: A New Pseudo-Boolean Formulation to Virtual-Machine Consolidation},
	Year = {2013},
}

@article{bruno2015,
	Author = {Bruno C. Ribas},
	Title = {Um Método de Pré-processamento de Fórmulas SAT e Pseudo-Boolean Baseado em Tecnicas de programação linear inteira mista},
	Year = {2015},
}


@article{fabio2014,
	Author = {Fabio Lopes Licht},
	Title = {Afinidades de tipos de aplicações em nuvens computacionais},
	Year = {2014},
}


@inproceedings{inproceedings,
author = {Ribas, Bruno and Massayuki Suguimoto, Rubens and Montaño, Razer and Silva, Fabiano and Castilho, Marcos},
year = {2013},
month = {10},
pages = {},
title = {PBFVMC: A new Pseudo-Boolean formulation to virtual-machine consolidation},
journal = {Proceedings - 2013 Brazilian Conference on Intelligent Systems, BRACIS 2013},
doi = {10.1109/BRACIS.2013.41}
}